<?xml version="1.0" encoding="UTF-8"?><record xmlns="http://www.loc.gov/MARC21/slim" xmlns:cinclude="http://apache.org/cocoon/include/1.0" xmlns:zs="http://www.loc.gov/zing/srw/">
  <leader>00422cz  a2200121n  4500</leader>
  <controlfield tag="001">n 2007049680</controlfield>
  <controlfield tag="003">DLC</controlfield>
  <controlfield tag="005">20070822074938.0</controlfield>
  <controlfield tag="008">070716n| acannaabn          |n aaa      </controlfield>
  <datafield tag="010" ind1=" " ind2=" ">
    <subfield code="a">n 2007049680</subfield>
  </datafield>
  <datafield tag="040" ind1=" " ind2=" ">
    <subfield code="a">DLC</subfield>
    <subfield code="b">eng</subfield>
    <subfield code="c">DLC</subfield>
  </datafield>
  <datafield tag="100" ind1="1" ind2=" ">
    <subfield code="a">Bristley, Eric D.</subfield>
  </datafield>
  <datafield tag="670" ind1=" " ind2=" ">
    <subfield code="a">The works of Cornelius Van Til, 1895-1987, c1997:</subfield>
    <subfield code="b">Jewel case ("A Guide to the Writings of Cornelius Van Til," by Eric D. Bristley, Th. M., included in cited work)</subfield>
  </datafield>
</record>